<?xml version="1.0" encoding="UTF-8"?><record xmlns="http://www.loc.gov/MARC21/slim" xmlns:cinclude="http://apache.org/cocoon/include/1.0" xmlns:zs="http://www.loc.gov/zing/srw/">
  <leader>00866nz  a2200229n  4500</leader>
  <controlfield tag="001">no2011019938</controlfield>
  <controlfield tag="003">DLC</controlfield>
  <controlfield tag="005">20110209075434.0</controlfield>
  <controlfield tag="008">110207n| acabbaaan          |a aaa     c</controlfield>
  <datafield tag="010" ind1=" " ind2=" ">
    <subfield code="a">no2011019938</subfield>
  </datafield>
  <datafield tag="035" ind1=" " ind2=" ">
    <subfield code="a">(OCoLC)oca08760812</subfield>
  </datafield>
  <datafield tag="040" ind1=" " ind2=" ">
    <subfield code="a">IlMpPL</subfield>
    <subfield code="b">eng</subfield>
    <subfield code="c">IlMpPL</subfield>
  </datafield>
  <datafield tag="100" ind1="1" ind2=" ">
    <subfield code="a">Bradley, Celeste.</subfield>
    <subfield code="t">Heiress brides</subfield>
  </datafield>
  <datafield tag="400" ind1="1" ind2=" ">
    <subfield code="a">Bradley, Celeste.</subfield>
    <subfield code="t">Heiress brides series</subfield>
  </datafield>
  <datafield tag="430" ind1=" " ind2="0">
    <subfield code="a">Heiress brides</subfield>
  </datafield>
  <datafield tag="643" ind1=" " ind2=" ">
    <subfield code="a">New York, N.Y.</subfield>
    <subfield code="b">St. Martin's Press</subfield>
  </datafield>
  <datafield tag="643" ind1=" " ind2=" ">
    <subfield code="a">Detroit</subfield>
    <subfield code="b">Thorndike Press</subfield>
    <subfield code="d">large-print</subfield>
  </datafield>
  <datafield tag="644" ind1=" " ind2=" ">
    <subfield code="a">f</subfield>
    <subfield code="5">IlMpPL</subfield>
    <subfield code="5">IlMpPL large-print</subfield>
  </datafield>
  <datafield tag="645" ind1=" " ind2=" ">
    <subfield code="a">t</subfield>
    <subfield code="5">DPCC</subfield>
    <subfield code="5">IlMpPL</subfield>
    <subfield code="5">DPCC large-print</subfield>
    <subfield code="5">IlMpPL large-print</subfield>
  </datafield>
  <datafield tag="646" ind1=" " ind2=" ">
    <subfield code="a">s</subfield>
    <subfield code="5">IlMpPL</subfield>
    <subfield code="5">IlMpPL large-print</subfield>
  </datafield>
  <datafield tag="670" ind1=" " ind2=" ">
    <subfield code="a">Desperately seeking a duke, 2008:</subfield>
    <subfield code="b">cover (The heiress brides)</subfield>
  </datafield>
  <datafield tag="670" ind1=" " ind2=" ">
    <subfield code="a">Large-print/Desperately seeking a duke, 2008:</subfield>
    <subfield code="b">cover (The heiress brides) t.p. verso (The heiress brides series ; #1)</subfield>
  </datafield>
</record>